<record><leader>00000cas a22000007a 4500</leader><controlfield tag="001">28271834</controlfield><controlfield tag="008">930614d187u187uctu x ne      0    0eng d</controlfield><datafield ind1=" " ind2=" " tag="010"><subfield code="a">sn 93054006 </subfield></datafield><datafield ind1=" " ind2=" " tag="040"><subfield code="a">CNW</subfield><subfield code="b">eng</subfield><subfield code="c">CNW</subfield><subfield code="d">OCLCQ</subfield></datafield><datafield ind1=" " ind2=" " tag="042"><subfield code="a">msc</subfield></datafield><datafield ind1="0" ind2="4" tag="245"><subfield code="a">The Jour. printer.</subfield></datafield><datafield ind1="3" ind2="0" tag="246"><subfield code="a">Journeyman printer</subfield></datafield><datafield ind1=" " ind2=" " tag="260"><subfield code="a">New Haven [Conn. :</subfield><subfield code="b">s.n.]</subfield></datafield><datafield ind1=" " ind2=" " tag="300"><subfield code="a">v.</subfield></datafield><datafield ind1=" " ind2=" " tag="310"><subfield code="a">"Published when occasion requires."</subfield></datafield><datafield ind1=" " ind2=" " tag="500"><subfield code="a">Published by the seven journeymen printers being tried for conspiracy to ruin the publishers of: Morning journal and courier.</subfield></datafield><datafield ind1=" " ind2=" " tag="588"><subfield code="a">Description based on: Vol. 2, no. 4 (June 30, 1871).</subfield></datafield><datafield ind1=" " ind2="4" tag="651"><subfield code="a">New Haven (Conn.)</subfield><subfield code="v">Newspapers.</subfield></datafield><datafield ind1=" " ind2=" " tag="752"><subfield code="a">United States</subfield><subfield code="b">Connecticut</subfield><subfield code="c">New Haven</subfield><subfield code="d">New Haven.</subfield></datafield><datafield ind1="1" ind2=" " tag="787"><subfield code="t">Morning journal and courier</subfield><subfield code="w">(DLC)sn 82015483</subfield><subfield code="w">(OCoLC)8817820</subfield></datafield><datafield ind1="1" ind2=" " tag="029"><subfield code="a">AU@</subfield><subfield code="b">000025908236</subfield></datafield></record>